<record><leader>00000cas a22000007a 4500</leader><controlfield tag="001">20882084</controlfield><controlfield tag="008">900112c19819999lauwr ne      0    0eng d</controlfield><datafield ind1=" " ind2=" " tag="010"><subfield code="a">sn 90056004 </subfield></datafield><datafield ind1=" " ind2=" " tag="040"><subfield code="a">LNP</subfield><subfield code="b">eng</subfield><subfield code="c">LNP</subfield><subfield code="d">OCLCQ</subfield></datafield><datafield ind1=" " ind2=" " tag="042"><subfield code="a">msc</subfield></datafield><datafield ind1="0" ind2="4" tag="245"><subfield code="a">The Ponchatoula times.</subfield></datafield><datafield ind1=" " ind2=" " tag="260"><subfield code="a">[Ponchatoula, La.] :</subfield><subfield code="b">Bryan T. McMahon</subfield></datafield><datafield ind1=" " ind2=" " tag="300"><subfield code="a">v.</subfield></datafield><datafield ind1=" " ind2=" " tag="310"><subfield code="a">Weekly</subfield></datafield><datafield ind1="0" ind2=" " tag="362"><subfield code="a">90th year, no. 17 (Aug. 27, 1981)-90th yr., no. 21 (Sept. 24, 1981); 1st yr., no. 1 (Oct. 1, 1981)-</subfield></datafield><datafield ind1=" " ind2=" " tag="580"><subfield code="a">"The Ponchatoula edition of the Hammond vindicator," Aug. 27-Sept. 24, 1981.</subfield></datafield><datafield ind1=" " ind2=" " tag="752"><subfield code="a">United States</subfield><subfield code="b">Louisiana</subfield><subfield code="c">Tangipahoa</subfield><subfield code="d">Ponchatoula.</subfield></datafield><datafield ind1="1" ind2=" " tag="787"><subfield code="t">Hammond vindicator</subfield><subfield code="w">(DLC)sn 82000204</subfield></datafield></record>